@article{MEC,
  Author = {Minsik Cho , Daniel Brand },
  Journal = {arXiv preprint arXiv:1706.06873v1},
  Title = {MEC: Memory-efficient Convolution for Deep Neural Network},
  Year = {2017}
}

@article{im2col+GEMM,
  Author = {Bryan Catanzaro,Evan Shlhamer},
  Journal = {arXiv preprint arXiv:1410.0759v3},
  Title = {cuDNN:Efficient Primitives for Deep Learning},
  Year = {2014}
}

@article{FBFFT,
  Author = {Nicolas Vasilache and Jeff Johnson and Michael Mathieu and Soumith Chintala and Serkan Piantino and Yann LeCun},
  Journal = {arXiv preprint arXiv:1412.7580},
  Title = {FAST CONVOLUTIONAL NETS WITH fbfft:A GPU PERFORMANCE EVALUATION},
  Year = {2015}
}
@article{FFT,
  Author = {Michael Mathieu and Mikael Henaff and Yann LeCun},
  Journal = {arXiv preprint arXiv:1312.5851v5},
  Title = {Fast Training of Convolutional Networks through FFTs},
  Year = {2014}
}

@article{Winograd,
  Author = {Andrew Lavin,Scott Gray Nervana Systems },
  Journal = {arXiv preprint arXiv:1509.09308v2},
  Title = {Fast Algorithms for Convolutional Neural Networks},
  Year = {2015}
}



@article{RLU,
  Author = {Shaohuai Shi , Xiaowen Chu },
  Journal = {arXiv preprint arXiv:1704.07724v2},
  Title = {Speeding up Convolutional Neural Networks By Exploiting the Sparsity of Rectifier Units},
  Year = {2017}
}

@article{jia2014caffe,
  Author = {Jia, Yangqing and Shelhamer, Evan and Donahue, Jeff and Karayev, Sergey and Long, Jonathan and Girshick, Ross and Guadarrama, Sergio and Darrell, Trevor},
  Journal = {arXiv preprint arXiv:1408.5093},
  Title = {Caffe: Convolutional Architecture for Fast Feature Embedding},
  Year = {2014}
}

@misc{darknet13,
  author =   {Joseph Redmon},
  title =    {Darknet: Open Source Neural Networks in C},
  howpublished = {\url{http://pjreddie.com/darknet/}},
  year = {2013--2016}
}
